@Book{nsfd,
author = "Griebel/Dornseifer/Neunhoeffer",
title = "Numerical Simulation in Fluid Dynamics",
year = 1998
}

@Book{gds,
author = "Durst",
title = "Grundlagen der Strömungsmechanik",
year = 2006
}

@Book{cmfd,
author = "Ferziger/Perić",
title = "Computational Methods for Fluid Dynamics",
year = 2002
}
