@article{
	description,
	author = "Schöter/Sojka/Kämmer",
	title = "Auger-Elektronen-Spektroskopie (AES)"
}

@article{
	article,
	author = "Hans Jörg Mathieu",
	title = "Auger Electron Spectroscopy",
	year = "2009"
}

@article{
	handbook,
	title = "Handbook of Auger Electron Spectroscopy"
}