@MISC{vierpol,
url = "https://mhf-e-wiki.desy.de/images/2/29/Leitungsbel%C3%A4ge.bmp"
}

@Book{unterlagen,
author = "F. Perner",
title = "Radiowellen auf Leitungen und im freien Raum",
year = 2012
}

@Book{buch,
author = "Zinke/Brunswig",
title = "Lehrbuch der Hochfrequenztechnik",
Volume = 1,
year = 1990
}

@MISC{lecher,
url = "https://de.wikipedia.org/wiki/Lecher-Leitung#/media/File:Early\_Lecher\_line.png"
}

@MISC{twisted,
url = "http://www.elektronik-kompendium.de/sites/net/fotos/06031914.jpg"
}

@MISC{wikikoax,
title = "Koaxialkabel",
url = "https://de.wikipedia.org/wiki/Koaxialkabel"
}

@MISC{circuitpic,
url = "http://webaudio.prototyping.bbc.co.uk/img/circuit\_diagram\_parker.png"
}

@MISC{wave,
url = "http://www.mikrocontroller.net/attachment/$129363/220$px-Lineare\_antennen\_svg.png"
}

@MISC{koax,
url = "http://www.itwissen.info/bilder/doppelgeschirmtes-rg-6-kabel-foto-computercablestore-dotcom.png"
}

